@article{liu2011false,
  title={False data injection attacks against state estimation in electric power grids},
  author={Liu, Yao and Ning, Peng and Reiter, Michael K},
  journal={ACM Transactions on Information and System Security (TISSEC)},
  volume={14},
  number={1},
  pages={13},
  year={2011},
  publisher={ACM}
}
@inproceedings{bobba2010detecting,
  title={Detecting false data injection attacks on dc state estimation},
  author={Bobba, Rakesh B and Rogers, Katherine M and Wang, Qiyan and Khurana, Himanshu and Nahrstedt, Klara and Overbye, Thomas J},
  booktitle={Preprints of the First Workshop on Secure Control Systems, CPSWEEK},
  volume={2010},
  year={2010}
}

@ARTICLE{secureestimation, 
author={H. Fawzi and P. Tabuada and S. Diggavi}, 
journal={IEEE Transactions on Automatic Control}, 
title={Secure Estimation and Control for Cyber-Physical Systems Under Adversarial Attacks}, 
year={2014}, 
volume={59}, 
number={6}, 
pages={1454-1467}, 
keywords={control system synthesis;critical infrastructures;fault tolerant control;feedback;linear systems;security of data;stability;state estimation;adversarial attacks;compressed sensing;critical infrastructure;feedback control loops;linear system control;resilient output feedback controller design;resilient state estimators;secure cyber-physical system control;secure cyber-physical system estimation;secure local control loop;sensor attacks;system stabilization;Actuators;Decoding;Estimation;Sensor systems;Vectors;Algorithm;feedback controller}, 
doi={10.1109/TAC.2014.2303233}, 
ISSN={0018-9286}, 
month={June},}

@inproceedings{attacks,
 author = {C\'{a}rdenas, Alvaro A. and Amin, Saurabh and Lin, Zong-Syun and Huang, Yu-Lun and Huang, Chi-Yen and Sastry, Shankar},
 title = {Attacks Against Process Control Systems: Risk Assessment, Detection, and Response},
 booktitle = {Proceedings of the 6th ACM Symposium on Information, Computer and Communications Security},
 series = {ASIACCS '11},
 year = {2011},
 isbn = {978-1-4503-0564-8},
 location = {Hong Kong, China},
 pages = {355--366},
 numpages = {12},
 url = {http://doi.acm.org/10.1145/1966913.1966959},
 doi = {10.1145/1966913.1966959},
 acmid = {1966959},
 publisher = {ACM},
 address = {New York, NY, USA},
 keywords = {IDS, SCADA, control systems, critical infrastructure protection, cyber-physical systems, security},
} 

@online{metasploit,
  author = {SCADAhacker},
  title = {Metasplot Modules for SCADA Vulnerabilities},
  year = 2012,
  url = {https://scadahacker.com/resources/msf-scada.html},
  urldate = {2017-10-30}
}

@online{modbus,
  author = {Modbus IDA},
  title = {Modbus Application Protocol Specification, V1.1b},
  year = 2006,
  url = {http://www.modbus.org/docs/Modbus\_Application\_Protocol\_V1\_1b.pdf},
  urldate = {2017-10-25}
}

@INPROCEEDINGS{noise, 
author={S. Mishra and Y. Shoukry and N. Karamchandani and S. Diggavi and P. Tabuada}, 
booktitle={2015 IEEE International Symposium on Information Theory (ISIT)}, 
title={Secure state estimation: Optimal guarantees against sensor attacks in the presence of noise}, 
year={2015}, 
volume={}, 
number={}, 
pages={2929-2933}, 
keywords={cryptography;coding theoretic interpretation;noise presence;noiseless dynamical system;noisy linear dynamical system;secure cyber-physical systems;secure state estimation algorithm;sensor attacks;state estimation error;Encoding;Kalman filters;Noise;Observability;Prediction algorithms;State estimation}, 
doi={10.1109/ISIT.2015.7282993}, 
ISSN={2157-8095}, 
month={June},}

@inproceedings{gan,
  title={Generative adversarial nets},
  author={Goodfellow, Ian and Pouget-Abadie, Jean and Mirza, Mehdi and Xu, Bing and Warde-Farley, David and Ozair, Sherjil and Courville, Aaron and Bengio, Yoshua},
  booktitle={Advances in neural information processing systems},
  pages={2672--2680},
  year={2014}
}

@ARTICLE{modulo, 
author={Y. Shoukry and P. Nuzzo and A. Puggelli and A. L. Sangiovanni-Vincentelli and S. A. Seshia and P. Tabuada}, 
journal={IEEE Transactions on Automatic Control}, 
title={Secure State Estimation for Cyber-Physical Systems Under Sensor Attacks: A Satisfiability Modulo Theory Approach}, 
year={2017}, 
volume={62}, 
number={10}, 
pages={4917-4932}, 
keywords={combinatorial mathematics;computability;convex programming;cyber-physical systems;numerical analysis;security of data;state estimation;brute force search;combinatorial problem;convex relaxations;cyber-physical systems;numerical simulations;satisfiability modulo theory;scalability properties;secure state estimation;sensor attacks;unmanned ground vehicle;Heuristic algorithms;Noise measurement;Process control;Scalability;Semiconductor device measurement;State estimation;Upper bound;Secure cyber-physical systems;satisfiability modulo theories;secure state estimation;sensor attacks}, 
doi={10.1109/TAC.2017.2676679}, 
ISSN={0018-9286}, 
month={Oct},}

@MISC{adaboost,
    author = {Yoav Freund and Robert E. Schapire},
    title = {A Decision-Theoretic Generalization of on-Line Learning and an Application to Boosting},
    year = {1997}
}

@article{te0,
  title={Base control for the Tennessee Eastman problem},
  author={McAvoy, TJ and Ye, Nan},
  journal={Computers \& Chemical Engineering},
  volume={18},
  number={5},
  pages={383--413},
  year={1994},
  publisher={Elsevier}
}

@article{te1,
  title={Plant-wide control of the Tennessee Eastman problem},
  author={Lyman, Philip R and Georgakis, Christos},
  journal={Computers \& chemical engineering},
  volume={19},
  number={3},
  pages={321--331},
  year={1995},
  publisher={Elsevier}
}

@article{te2,
  title={Nonlinear model predictive control of the Tennessee Eastman challenge process},
  author={Ricker, N Lawrence and Lee, JH},
  journal={Computers \& Chemical Engineering},
  volume={19},
  number={9},
  pages={961--981},
  year={1995},
  publisher={Elsevier}
}

@article{te3,
  title={Dynamic optimization of the Tennessee Eastman process using the OptControlCentre},
  author={Jockenh{\"o}vel, Tobias and Biegler, Lorenz T and W{\"a}chter, Andreas},
  journal={Computers \& Chemical Engineering},
  volume={27},
  number={11},
  pages={1513--1531},
  year={2003},
  publisher={Elsevier}
}

@article{te4,
  title={Identification of the Tennessee Eastman challenge process with subspace methods},
  author={Juricek, Ben C and Seborg, Dale E and Larimore, Wallace E},
  journal={Control Engineering Practice},
  volume={9},
  pages={1337--1351},
  year={2001}
}

@article{te_revised,
  title={Revision of the tennessee eastman process model},
  author={Bathelt, Andreas and Ricker, N Lawrence and Jelali, Mohieddine},
  journal={IFAC-PapersOnLine},
  volume={48},
  number={8},
  pages={309--314},
  year={2015},
  publisher={Elsevier}
}
